@misc{MotherDemo,
  title = {The Mother of All Demos, Reel 3},
  howpublished = {\url{https://archive.org/details/XD300-25_68HighlightsAResearchCntAugHumanIntellect&start=286}},
  note = {Accessed: 2017-03-01}
}

@article{Ellis1989,
author = {Ellis, C A and Gibbs, S J},
title = {{Concurrency Control in Groupware Systems}},
year = {1989}
}

@article{Gilbert2005,
author = {Gilbert, Seth and Lynch, Nancy},
pages = {51--59},
title = {{Brewer ' s Conjecture and the Feasibility of Consistent , Available , Partition-Tolerant Web Services}},
year = {2005}
}

@inproceedings{zeller2014,
  title={Formal specification and verification of CRDTs},
  author={Zeller, Peter and Bieniusa, Annette and Poetzsch-Heffter, Arnd},
  booktitle={International Conference on Formal Techniques for Distributed Objects, Components, and Systems},
  pages={33--48},
  year={2014},
  organization={Springer}
}

@inproceedings{preguica2009,
  title={A commutative replicated data type for cooperative editing},
  author={Preguica, Nuno and Marques, Joan Manuel and Shapiro, Marc and Letia, Mihai},
  booktitle={Distributed Computing Systems, 2009. ICDCS'09. 29th IEEE International Conference on},
  pages={395--403},
  year={2009},
  organization={IEEE}
}

@techreport{weiss2008,
  TITLE = {{Logoot: a P2P collaborative editing system}},
  AUTHOR = {Weiss, St{\'e}phane and Urso, Pascal and Molli, Pascal},
  URL = {https://hal.inria.fr/inria-00336191},
  TYPE = {Research Report},
  NUMBER = {RR-6713},
  PAGES = {13},
  INSTITUTION = {{INRIA}},
  YEAR = {2008},
  PDF = {https://hal.inria.fr/inria-00336191/file/main.pdf},
  HAL_ID = {inria-00336191},
  HAL_VERSION = {v3}
}

@article{weiss2010undo,
  title={Logoot-undo: Distributed collaborative editing system on p2p networks},
  author={Weiss, Stephane and Urso, Pascal and Molli, Pascal},
  journal={IEEE Transactions on Parallel and Distributed Systems},
  volume={21},
  number={8},
  pages={1162--1174},
  year={2010},
  publisher={IEEE}
}

@article{lamport1978,
  title={Time, clocks, and the ordering of events in a distributed system},
  author={Lamport, Leslie},
  journal={Communications of the ACM},
  volume={21},
  number={7},
  pages={558--565},
  year={1978},
  publisher={ACM}
}

@article{shapiro2007,
  author    = {Marc Shapiro and
               Nuno M. Pregui{\c{c}}a},
  title     = {Designing a commutative replicated data type},
  journal   = {CoRR},
  volume    = {abs/0710.1784},
  year      = {2007},
  url       = {http://arxiv.org/abs/0710.1784},
  timestamp = {Mon, 05 Dec 2011 18:05:29 +0100},
  biburl    = {http://dblp.uni-trier.de/rec/bib/journals/corr/abs-0710-1784}
}

@techreport{shapiro2011,
author = {Shapiro, Marc and Pregui, Nuno and Baquero, Carlos and Zawirski, Marek},
number = {RR-7506},
pages = {50},
type = {Research Report},
institution = {{INRIA}},
title = {{A comprehensive study of Convergent and Commutative Replicated Data Types}},
url = {http://hal.inria.fr/inria-00555588},
year = {2011},
HAL_ID = {inria-00555588}
}

@book{takada2013,
author = {Takada, Mikito},
pages = {1--62},
title = {{Distributed Systems: for fun and profit}},
year = {2013}
}

@misc{sharejs,
  author = {Gentle, Joseph},
  title = {ShareJS v0.6.3},
  year = {2013},
  publisher = {GitHub},
  howpublished = {\url{https://github.com/josephg/ShareJS/tree/0.6}},
  commit = {9291e9b1d2593565fdba6d45b96cd58b62d9b178}
}


@inproceedings{kumawat2016,
  title={Analysis of Operational Transformation Algorithms},
  author={Kumawat, Santosh and Khunteta, Ajay},
  booktitle={Proceedings of the International Conference on Recent Cognizance in Wireless Communication \& Image Processing},
  pages={9--20},
  year={2016},
  organization={Springer}
}

@techreport{RFC2460,
  author = {Stephen E. Deering and Robert M. Hinden},
  title = {Internet Protocol, Version 6 (IPv6) Specification},
  howpublished = {Internet Requests for Comments},
  type = {RFC},
  number = {2460},
  year = {1998},
  month = {December},
  issn = {2070-1721},
  publisher = {RFC Editor},
  institution = {RFC Editor},
  url = {http://www.rfc-editor.org/rfc/rfc2460.txt},
  note = {\url{http://www.rfc-editor.org/rfc/rfc2460.txt}}
}

@inproceedings{nedelec2013lseq,
  title={LSEQ: an adaptive structure for sequences in distributed collaborative editing},
  author={N{\'e}delec, Brice and Molli, Pascal and Mostefaoui, Achour and Desmontils, Emmanuel},
  booktitle={Proceedings of the 2013 ACM symposium on Document engineering},
  pages={37--46},
  year={2013},
  organization={ACM}
}

@inproceedings{nedelec2013,
  title={Concurrency Effects Over Variable-size Identifiers in Distributed Collaborative Editing},
  author={N{\'e}delec, Brice and Molli, Pascal and Mostefaoui, Achour and Desmontils, Emmanuel and others},
  booktitle={Proceedings of the International workshop on Document Changes: Modeling, Detection, Storage and Visualization, Florence, Italy, September 10, 2013},
  volume={1008},
  pages={0--7},
  year={2013}
}

@online{compsysmodeling,
	author = {Dr~R.J.~Gibbens},
	title = {Computer Systems Modeling Lecture Notes},
	year = 2017,
	url = {http://web.archive.org/web/20080207010024/http://www.808multimedia.com/winnt/kernel.htm}
}

@online{concdistsystems,
	author = {Dr.~Robert~N.~M.~ Watson},
	title = {Concurrent and Distributed Systems},
	year = 2016,
	url={https://www.cl.cam.ac.uk/teaching/1617/ConcDisSys/}
}

@article{fidge1987,
  title={Timestamps in message-passing systems that preserve the partial ordering},
  author={Fidge, Colin J},
  year={1987},
  publisher={Australian National University. Department of Computer Science}
}

@article{shneiderman1982,
	author = {Shneiderman, B E N},
	doi = {10.1080/01449298208914450},
	journal = {Behaviour {\&} Information Technology},
	number = {3},
	pages = {237--256},
	title = {{The future of interactive systems and the emergence of direct manipulation}},
	url = {http://dx.doi.org/10.1080/01449298208914450},
	volume = {1},
	year = {1982}
}


